@article{haegel2023photovoltaics,
  title={Photovoltaics at multi-terawatt scale: waiting is not an option},
  author={Haegel, Nancy M and Verlinden, Pierre and Victoria, Marta and Altermatt, Pietro and Atwater, Harry and Barnes, Teresa and Breyer, Christian and Case, Chris and De Wolf, Stefaan and Deline, Chris and others},
  journal={Science},
  volume={380},
  number={6640},
  pages={39--42},
  year={2023},
  publisher={American Association for the Advancement of Science}
}


@article{gupta_2021,
title = {Spatial analysis of distribution grid capacity and costs to enable massive deployment of {PV}, electric mobility and electric heating},
journal = {Applied Energy},
volume = {287},
pages = {116504},
year = {2021},
issn = {0306-2619},
doi = {https://doi.org/10.1016/j.apenergy.2021.116504},
url = {https://www.sciencedirect.com/science/article/pii/S0306261921000623},
author = {Ruchi Gupta and Alejandro Pena-Bello and Kai Nino Streicher and Cattia Roduner and Yamshid Farhat and David Thöni and Martin Kumar Patel and David Parra},
}
@article{zappa_2019,
title = {Is a 100\% renewable European power system feasible by 2050?},
journal = {Applied Energy},
volume = {233-234},
pages = {1027-1050},
year = {2019},
issn = {0306-2619},
doi = {https://doi.org/10.1016/j.apenergy.2018.08.109},
url = {https://www.sciencedirect.com/science/article/pii/S0306261918312790},
author = {William Zappa and Martin Junginger and Machteld {van den Broek}}}

@article{victoria_2021,
title = {Solar photovoltaics is ready to power a sustainable future},
journal = {Joule},
volume = {5},
number = {5},
pages = {1041-1056},
year = {2021},
issn = {2542-4351},
doi = {https://doi.org/10.1016/j.joule.2021.03.005},
url = {https://www.sciencedirect.com/science/article/pii/S2542435121001008},
author = {Marta Victoria and Nancy Haegel and Ian Marius Peters and Ron Sinton and Arnulf Jäger-Waldau and Carlos {del Cañizo} and Christian Breyer and Matthew Stocks and Andrew Blakers and Izumi Kaizuka and Keiichi Komoto and Arno Smets}}

@book{repowerEU,
   publisher={European Commission Brussels, Belgium},
   year = {2022},
   title = {COMMUNICATION FROM THE COMMISSION TO THE EUROPEAN PARLIAMENT, THE EUROPEAN COUNCIL, THE COUNCIL, THE EUROPEAN ECONOMIC AND SOCIAL COMMITTEE AND THE COMMITTEE OF THE REGIONS REPowerEU Plan},
   url = {https://eur-lex.europa.eu/legal-content/EN/TXT/?uri=COM:2022:230:FIN}
}

@book{IEA_2020,
   author = {{International Energy Agency}},
   keywords = {clean energy,renewables,solar,sustainable development,wind},
   title = {Renewables 2020 - Analysis and forecast to 2025},
   url= {https://iea.blob.core.windows.net/assets/1a24f1fe-c971-4c25-964a-57d0f31eb97b/Renewables_2020-PDF.pdf}
}

@book{IEAPVPS_2021,
  title={Trends in {PV} Applications, {ISBN} : 978-3-907281-35-2},
   author = {Masson,Gaëtan and Kaizuka,Izumi},
   publisher = {International Energy Agency Photovoltaic Power Systems Programme},  
   url= {https://iea-pvps.org/trends_reports/trends-2022/},
   year = {2022},
   ISBN = {978-3-907281-35-2},
}

@article{gomez_2020,
  title={On the potential contribution of rooftop {PV} to a sustainable electricity mix: The case of Spain},
  author={Gomez-Exposito, Antonio and Arcos-Vargas, Angel and Gutierrez-Garcia, Francisco},
  journal={Renewable and Sustainable Energy Reviews},
  volume={132},
  pages={110074},
  year={2020},
  publisher={Elsevier}
}

@article{van2018pv,
  title={{PV} based distributed generation power system protection: A review},
  author={van der Walt, Hermanus LR and Bansal, Ramesh C and Naidoo, Raj},
  journal={Renewable Energy Focus},
  volume={24},
  pages={33--40},
  year={2018},
  publisher={Elsevier}
}

@article{wilkinson2021rooftop,
  title={Rooftop {PV} and the renewable energy transition; a review of driving forces and analytical frameworks},
  author={Wilkinson, Sam and John, Michele and Morrison, Gregory M},
  journal={Sustainability},
  volume={13},
  number={10},
  pages={5613},
  year={2021},
  publisher={MDPI}
}
@article{burger_2019,
  title={Why distributed?: A critical review of the tradeoffs between centralized and decentralized resources},
  author={Burger, Scott P and Jenkins, Jesse D and Huntington, Samuel C and Perez-Arriaga, Ignacio J},
  journal={IEEE Power and Energy Magazine},
  volume={17},
  number={2},
  pages={16--24},
  year={2019},
  publisher={IEEE}
}

@misc{EU_2021,
  author={{European Commission}},
  title={Regulation (EU) 2021/1119 of the European Parliament and of the Council of 30 June 2021 establishing the framework for achieving climate neutrality and amending Regulations (EC) No 401/2009 and (EU) 2018/1999 (‘European Climate Law’)},
  year={2021},
  publisher = {Official Journal of the European Union},
  issue = {L243},
  pages = {1-17}
}

@article{hess_2018,
title = {Representing node-internal transmission and distribution grids in energy system models},
journal = {Renewable Energy},
volume = {119},
pages = {874-890},
year = {2018},
issn = {0960-1481},
doi = {https://doi.org/10.1016/j.renene.2017.10.041},
url = {https://www.sciencedirect.com/science/article/pii/S0960148117310054},
author = {Denis Hess and Manuel Wetzel and Karl-Kiên Cao}}

@article{candas_2022,
title = {Co-optimizing transmission and active distribution grids to assess demand-side flexibilities of a carbon-neutral German energy system},
journal = {Renewable and Sustainable Energy Reviews},
volume = {163},
pages = {112422},
year = {2022},
issn = {1364-0321},
doi = {https://doi.org/10.1016/j.rser.2022.112422},
url = {https://www.sciencedirect.com/science/article/pii/S136403212200329X},
author = {Beneharo {Reveron Baecker} and Soner Candas}}

@Article{muller_2019,
AUTHOR = {Müller, Ulf Philipp and Schachler, Birgit and Scharf, Malte and Bunke, Wolf-Dieter and Günther, Stephan and Bartels, Julian and Pleßmann, Guido},
TITLE = {Integrated Techno-Economic Power System Planning of Transmission and Distribution Grids},
JOURNAL = {Energies},
VOLUME = {12},
YEAR = {2019},
NUMBER = {11},
ARTICLE-NUMBER = {2091},
URL = {https://www.mdpi.com/1996-1073/12/11/2091},
ISSN = {1996-1073},
DOI = {10.3390/en12112091}
}

@Article{muller2019,
AUTHOR = {Müller, Ulf Philipp and Schachler, Birgit and Scharf, Malte and Bunke, Wolf-Dieter and Günther, Stephan and Bartels, Julian and Pleßmann, Guido},
TITLE = {Integrated Techno-Economic Power System Planning of Transmission and Distribution Grids},
JOURNAL = {Energies},
VOLUME = {12},
YEAR = {2019},
NUMBER = {11},
ARTICLE-NUMBER = {2091},
URL = {https://www.mdpi.com/1996-1073/12/11/2091},
ISSN = {1996-1073},
DOI = {10.3390/en12112091}
}

@book{clack_2020,
  title={Why local solar for all costs less: a new roadmap for the lowest cost grid},
  author={Clack, Christopher TM and Choukulkar, Aditya and Cot{\'e}, Brianna and McKee, Sarah A},
  year={2020},
  publisher={Vibrant Clean Energy, LLC}
}
@book{clack2020,
  title={Why local solar for all costs less: a new roadmap for the lowest cost grid},
  author={Clack, Christopher TM and Choukulkar, Aditya and Cot{\'e}, Brianna and McKee, Sarah A},
  year={2020},
  publisher={Vibrant Clean Energy, LLC}
}

@article{child_2019,
  title={Flexible electricity generation, grid exchange and storage for the transition to a 100\% renewable energy system in Europe},
  author={Child, Michael and Kemfert, Claudia and Bogdanov, Dmitrii and Breyer, Christian},
  journal={Renewable energy},
  volume={139},
  pages={80--101},
  year={2019},
  publisher={Elsevier}
}

@misc{TYNDP,
    author={{ENTSOG : European Network of Transmission System Operators for Gas, ENTSO-E: European Network of Transmission System Operators for Electricity}},
    title={{TYNDP 2022 Scenario Report}},
    year={2022},
    month = {April},
    url={https://2022.entsos-tyndp-scenarios.eu/}
}


@article{lumbreras_2018,
  title={Case-study paper on Centralized vs. Decentralized development of the electricity sector. Impact on infrastructure},
  author={Lumbreras, Sara and Olmos, Luis and Ramos, Andr{\'e}s and Ploussard, Quentin and Sensfu{\ss}, Frank and Deac, Gerda and Bernath, Christiane},
  year={2018}
}

@article{lumbreras2018,
  title={Case-study paper on Centralized vs. Decentralized development of the electricity sector. Impact on infrastructure},
  author={Lumbreras, Sara and Olmos, Luis and Ramos, Andr{\'e}s and Ploussard, Quentin and Sensfu{\ss}, Frank and Deac, Gerda and Bernath, Christiane},
  year={2018}
}
@techreport{horowitz_2018,
  title={The cost of distribution system upgrades to accommodate increasing penetrations of distributed photovoltaic systems on real feeders in the United States},
  author={Horowitz, Kelsey AW and Ding, Fei and Mather, Barry A and Palmintier, Bryan S},
  year={2018},
  institution={National Renewable Energy Lab.(NREL), Golden, CO (United States)}
}
@article{horowitz_2018distribution,
  title={Distribution system costs associated with the deployment of photovoltaic systems},
  author={Horowitz, Kelsey AW and Palmintier, Bryan and Mather, Barry and Denholm, Paul},
  journal={Renewable and Sustainable Energy Reviews},
  volume={90},
  pages={420--433},
  year={2018},
  publisher={Elsevier}
}

@article{gandhi_2020,
  title={Review of power system impacts at high {PV} penetration Part I: Factors limiting {PV} penetration},
  author={Gandhi, Oktoviano and Kumar, Dhivya Sampath and Rodr{\'\i}guez-Gallegos, Carlos D and Srinivasan, Dipti},
  journal={Solar Energy},
  volume={210},
  pages={181--201},
  year={2020},
  publisher={Elsevier}
}

@article{karimi_2016,
  title={Photovoltaic penetration issues and impacts in distribution network--A review},
  author={Karimi, Mazaher and Mokhlis, H and Naidu, Kanedra and Uddin, Sohel and Bakar, AH Abu},
  journal={Renewable and Sustainable Energy Reviews},
  volume={53},
  pages={594--605},
  year={2016},
  publisher={Elsevier}
}
@article{alboaouh_2020,
  title={Impact of rooftop photovoltaics on the distribution system},
  author={Alboaouh, Kamel A and Mohagheghi, Salman and others},
  journal={Journal of Renewable Energy},
  volume={2020},
  year={2020},
  publisher={Hindawi}
}

@article{olowu_2018,
  title={Future challenges and mitigation methods for high photovoltaic penetration: A survey},
  author={Olowu, Temitayo O and Sundararajan, Aditya and Moghaddami, Masood and Sarwat, Arif I},
  journal={Energies},
  volume={11},
  number={7},
  pages={1782},
  year={2018},
  publisher={MDPI}
}

@article{cohen_2016effects,
  title={Effects of distributed {PV} generation on California’s distribution system, Part 1: Engineering simulations},
  author={Cohen, Michael A and Callaway, Duncan S},
  journal={Solar Energy},
  volume={128},
  pages={126--138},
  year={2016},
  publisher={Elsevier}
}

@article{cohen_2016effects2,
  title={Effects of distributed {PV} generation on California’s distribution system, part 2: Economic analysis},
  author={Cohen, Michael A and Kauzmann, Paul A and Callaway, Duncan S},
  journal={Solar Energy},
  volume={128},
  pages={139--152},
  year={2016},
  publisher={Elsevier}
}



@article{rauschkolb_2021,
  title={Estimating electricity distribution costs using historical data},
  author={Rauschkolb, Noah and Limandibhratha, Nathalie and Modi, Vijay and Mercadal, Ignacia},
  journal={Utilities Policy},
  volume={73},
  pages={101309},
  year={2021},
  publisher={Elsevier}
}

@article{fares_2017,
  title={Trends in transmission, distribution, and administration costs for US investor-owned electric utilities},
  author={Fares, Robert L and King, Carey W},
  journal={Energy Policy},
  volume={105},
  pages={354--362},
  year={2017},
  publisher={Elsevier}
}

@report{zhang_2021,
   author = {Zhang, Chuan and Jenkins, Jesse and Larson, Eric D},
   title = {Princeton's Net-Zero America study Annex G: Electricity Distribution System Transition},
   year = {2021},
}

@article{sadovskaia_2019,
  title={Power transmission and distribution losses--A model based on available empirical data and future trends for all countries globally},
  author={Sadovskaia, Kristina and Bogdanov, Dmitrii and Honkapuro, Samuli and Breyer, Christian},
  journal={International Journal of Electrical Power \& Energy Systems},
  volume={107},
  pages={98--109},
  year={2019},
  publisher={Elsevier}
}


@book{worldbsnk_2014, 
title={Electric power transmission and distribution losses (\% of output)}, 
url={http://data.worldbank.org/indicator/EG.ELC.LOSS.ZS},  publisher={World Bank, Washington DC, USA} }

@techreport{ceer_2017,
     title = {{CEER Report on Power Losses}},
     number = {Ref: C17-EQS-80-03},
     year = {2017},
     institution = {Council of European Energy Regulators},
     month = {10},
}
@article{victoria_2019,
  title={Using validated reanalysis data to investigate the impact of the {PV} system configurations at high penetration levels in European countries},
  author={Victoria, Marta and Andresen, Gorm B},
  journal={Progress in Photovoltaics: Research and Applications},
  volume={27},
  number={7},
  pages={576--592},
  year={2019},
  publisher={Wiley Online Library}
}

@article{brown_2017,
  title={PyPSA: Python for power system analysis},
  author={Brown, Tom and H{\"o}rsch, Jonas and Schlachtberger, David},
  journal={arXiv preprint arXiv:1707.09913},
  year={2017}
}

@article{brown2017,
   author = {T. Brown and J. H\"orsch and D. Schlachtberger},
   title = {{PyPSA: Python for Power System Analysis}},
   journal = {Journal of Open Research Software},
   volume = {6},
   issue = {1},
   number = {4},
   year = {2018},
   eprint = {1707.09913},
   url = {https://doi.org/10.5334/jors.188},
   doi = {10.5334/jors.188}
}
@article{horsch2018pypsa,
  title={{PyPSA-Eur}: An open optimisation model of the European transmission system},
  author={H{\"o}rsch, Jonas and Hofmann, Fabian and Schlachtberger, David and Brown, Tom},
  journal={Energy strategy reviews},
  volume={22},
  pages={207--215},
  year={2018},
  publisher={Elsevier}
}
 
@article{neumann2022assessments,
  title={Assessments of linear power flow and transmission loss approximations in coordinated capacity expansion problems},
  author={Neumann, Fabian and Hagenmeyer, Veit and Brown, Tom},
  journal={Applied Energy},
  volume={314},
  pages={118859},
  year={2022},
  publisher={Elsevier}
}
@article{neumann_2022assessments,
  title={Assessments of linear power flow and transmission loss approximations in coordinated capacity expansion problems},
  author={Neumann, Fabian and Hagenmeyer, Veit and Brown, Tom},
  journal={Applied Energy},
  volume={314},
  pages={118859},
  year={2022},
  publisher={Elsevier}
}

 @book{pypsa_2016, 
 title={{PyPSA 0.21.3 documentation: Power system optimization}}, 
 url={https://pypsa.readthedocs.io/en/latest/optimal_power_flow.html},  publisher={{PyPSA} Developers, see https://pypsa.readthedocs.io/en/latest/developers.html. Revision e2956573.}, year={2016}, month={Jan}} 

@article{victoria_2022,
  title={Speed of technological transformations required in Europe to achieve different climate goals},
  author={Victoria, Marta and Zeyen, Elisabeth and Brown, Tom},
  journal={Joule},
  volume={6},
  number={5},
  pages={1066--1086},
  year={2022},
  publisher={Elsevier}
}

@article{fernandez_2010,
  title={Assessment of the impact of plug-in electric vehicles on distribution networks},
  author={Fernandez, Luis Pieltain and San Rom{\'a}n, Tom{\'a}s G{\'o}mez and Cossent, Rafael and Domingo, Carlos Mateo and Frias, Pablo},
  journal={IEEE transactions on power systems},
  volume={26},
  number={1},
  pages={206--213},
  year={2010},
  publisher={IEEE}
}

@article{huld_2018,
author = {Huld, Thomas and Bódis, Katalin and Pinedo Pascua, Irene and Dunlop, Ewan and Taylor, Nigel and Jäger-Waldau, Arnulf},
year = {2018},
month = {03},
pages = {12},
title = {The Rooftop Potential for {PV} Systems in the European Union to deliver the Paris Agreement},
volume = {Spring 2018},
journal = {European Energy Innovation}
}

@article{bodis_2019,
  title={A high-resolution geospatial assessment of the rooftop solar photovoltaic potential in the European Union},
  author={B{\'o}dis, Katalin and Kougias, Ioannis and J{\"a}ger-Waldau, Arnulf and Taylor, Nigel and Szab{\'o}, S{\'a}ndor},
  journal={Renewable and Sustainable Energy Reviews},
  volume={114},
  pages={109309},
  year={2019},
  publisher={Elsevier}
}

@article{trondle_2019,
  title={Home-made or imported: On the possibility for renewable electricity autarky on all scales in Europe},
  author={Tr{\"o}ndle, Tim and Pfenninger, Stefan and Lilliestam, Johan},
  journal={Energy strategy reviews},
  volume={26},
  pages={100388},
  year={2019},
  publisher={Elsevier}
}

@article{o_2021,
  title={Toward a more productive discourse on rooftop solar and energy justice},
  author={O’Shaughnessy, Eric},
  journal={Joule},
  volume={5},
  number={10},
  pages={2535--2539},
  year={2021},
  publisher={Elsevier}
}

@article{fox_2023,
  title={Increasing solar entitlement and decreasing energy vulnerability in a low-income community by adopting the Prosuming Project},
  author={Fox, Nicolette},
  journal={Nature Energy},
  pages={1--10},
  year={2023},
  publisher={Nature Publishing Group UK London}
}

@article{o_2021impact,
  title={The impact of policies and business models on income equity in rooftop solar adoption},
  author={O’Shaughnessy, Eric and Barbose, Galen and Wiser, Ryan and Forrester, Sydney and Darghouth, Na{\"\i}m},
  journal={Nature Energy},
  volume={6},
  number={1},
  pages={84--91},
  year={2021},
  publisher={Nature Publishing Group UK London}
}


@article{victoria_2019role,
  title={The role of storage technologies throughout the decarbonisation of the sector-coupled European energy system},
  author={Victoria, Marta and Zhu, Kun and Brown, Tom and Andresen, Gorm B and Greiner, Martin},
  journal={Energy Conversion and Management},
  volume={201},
  pages={111977},
  year={2019},
  publisher={Elsevier}
}

@article{brown_2018,
  title={Synergies of sector coupling and transmission reinforcement in a cost-optimised, highly renewable European energy system},
  author={Brown, Tom and Schlachtberger, David and Kies, Alexander and Schramm, Stefan and Greiner, Martin},
  journal={Energy},
  volume={160},
  pages={720--739},
  year={2018},
  publisher={Elsevier}
}

@book{dea_table,
     title = {{Technology Data for Generation of Electricity and District Heating}},
     year = {2020},
     publisher = {Danish Energy Agency},
     url = {https://ens.dk/en/our-services/projections-and-models/technology-data/technology-data-generation-electricity-and},
}

@book{dea_2020,
     title = {{Technology Data for Generation of Electricity and District Heating}},
     year = {2020},
     publisher = {Danish Energy Agency},
     url = {https://ens.dk/en/our-services/projections-and-models/technology-data/technology-data-generation-electricity-and},
}

@techreport{IEA_globalEV,
     title = {Global {EV} Outlook 2023},
     year = {2023},
     institution = {International Energy Agency},
     url = {https://www.iea.org/reports/global-ev-outlook-2023},
    note  = {This work is licensed under the Creative Commons Attribution 4.0 International License.}
}


@techreport{denholm2008production,
  title={Production cost modeling for high levels of photovoltaics penetration},
  author={Denholm, Paul and Margolis, Robert and Milford, J},
  year={2008},
  institution={National Renewable Energy Lab.(NREL), Golden, CO (United States)}
}

@book{caiso2016duck,
  title={What the duck curve tells us about managing a green grid},
  year={2016},
  publisher={California Independent System Operator Folsom, CA, USA},
  url={https://www.caiso.com/documents/flexibleresourceshelprenewables_fastfacts.pdf}
}

@book{rullaud2020distribution,
  title={Distribution grids in Europe. Facts and figures 2020},
  author={Rullaud, L and Gruber, C},
  publisher={Union of the Electricity Industry - Eurelectric aisbl},
  year={2020}
}

@techreport{ENTSOE_2017,
  title={{ELECTRICITY IN EUROPE 2017:
Synthetic overview of electric system consumption, generation and
exchanges in 34 European countries}},
  institution={ENTSO-E aisbl,
Avenue de Cortenbergh 100,
1000 Brussels – Belgium},
  year={2018}
}

@article{miller2022grid,
  title={A grid reinforcement approach for an optimized planning of high-voltage distribution grids under consideration of line loading indicators},
  author={Miller, Markus and Rudion, Krzysztof and N{\"a}gele, Haiko and Schnaars, Julia},
  journal={IET Renewable Power Generation},
  volume={16},
  number={9},
  pages={1841--1852},
  year={2022},
  publisher={Wiley Online Library}
}

@article{allard2020considering,
  title={Considering distribution grids and local flexibilities in the prospective development of the European power system by 2050},
  author={Allard, St{\'e}phane and Debusschere, Vincent and Mima, Silvana and Quoc, Tuan Tran and Hadjsaid, Nouredine and Criqui, Patrick},
  journal={Applied Energy},
  volume={270},
  pages={114958},
  year={2020},
  publisher={Elsevier}
}

@misc{meunier2021cost,
  title={Cost and capacity analysis for representative EU energy grids depending on decarbonisation scenarios: D4. 4},
  author={Meunier, Simon and Protopapadaki, Christina and Persson, Urban and S{\'a}nchez-Garc{\'\i}a, Luis and M{\"o}ller, Bernd and Wiechers, Eva and Schneider, No{\'e}mi C{\'e}cile Ad{\`e}le and Saelens, Dirk},
  year={2021},
  publisher={Zenodo}
}

@book{european2014integration,
  title={Integration of renewable energy in Europe},
  author={{European Commission}},
  publisher={study prepared by KEMA Consulting, DNV GL—Energy, Imperial College and NERA Economic Consulting on behalf of DG Energy, 2014, Brussels,},
}

@inproceedings{Neumann2022ThePR,
  title={The Potential Role of a Hydrogen Network in Europe},
  author={Fabian Neumann and Elisabeth Zeyen and Marta Victoria and Tom Brown},
  year={2022}
}

@book{France_senate2022,
 year = {2022},
 title = {L’obligation de pose de panneaux photovoltaïques sur les grands parkings extérieurs adoptée au Sénat },
 publisher = {{Public Sénat}},
 url = {https://www.publicsenat.fr/actualites/politique/l-obligation-de-pose-de-panneaux-photovoltaiques-sur-les-grands-parkings},
 urldate = {2023-06-27}
}

@book{pypsa_costs, 
 title = {{PYPSA, Energy System Technology Data
}},
 publisher = {GitHub},
 url = {https://github.com/PyPSA/technology-data},
 urldate = {2023-06-27}
}

@book{pypsacosts, 
 title = {{PYPSA, Energy System Technology Data
}},
 publisher = {GitHub},
 url = {https://github.com/PyPSA/technology-data},
 urldate = {2023-06-27}
}

@book{pypsa_docs, 
 title = {{Documentation of PyPSA: Python for Power System Analysis
}},
 publisher= {{PYPSA Developers
}},
 url = {https://pypsa.readthedocs.io/en/latest/},
 urldate = {2023-06-27}
}

@book{pypsadocs, 
 title = {{Documentation of PyPSA: Python for Power System Analysis
}},
 publisher= {{PYPSA Developers
}},
 url = {https://pypsa.readthedocs.io/en/latest/},
 urldate = {2023-06-27}
}
@article{zeyen2021mitigating,
  title={Mitigating heat demand peaks in buildings in a highly renewable European energy system},
  author={Zeyen, Elisabeth and Hagenmeyer, Veit and Brown, Tom},
  journal={Energy},
  volume={231},
  pages={120784},
  year={2021},
  publisher={Elsevier}
}

@article{mauler2021battery,
  title={Battery cost forecasting: a review of methods and results with an outlook to 2050},
  author={Mauler, Lukas and Duffner, Fabian and Zeier, Wolfgang G and Leker, Jens},
  journal={Energy \& Environmental Science},
  volume={14},
  number={9},
  pages={4712--4739},
  year={2021},
  publisher={Royal Society of Chemistry}
}

@article{wraalsen2022multiple,
  title={Multiple scenario analysis of battery energy storage system investment: measuring economic and circular viability},
  author={Wr{\aa}lsen, Benedikte and Faessler, Bernhard},
  journal={Batteries},
  volume={8},
  number={2},
  pages={7},
  year={2022},
  publisher={MDPI}
}

@article{ram2018global,
  title={Global energy system based on 100\% renewable energy--Energy transition in Europe across power, heat, transport and desalination sectors},
  author={Ram, M and Bogdanov, D and Aghahosseini, A and Gulagi, A and Oyewo, AS and Child, M and Caldera, U and Sadovskaia, K and Farfan, J and Barbosa, LSNS and others},
  journal={Study by LUT University and Energy Watch Group, Lappeenranta, Berlin},
  year={2018}
}
